@ARTICLE{doe:2004,
  author =       "John Doe",
  title =        "This is a Short Title",
  journal =      "My Journal",
  year =         "2004",
  volume =       "69",
  pages =        "369--399",
}

@INPROCEEDINGS{doe:1994,
  author = "Jane Doe",
  title  = "This is an Article Title",
  booktitle = "This is a Book Title that Contains the Article",
  pages = "21-34",
  publisher = "Publisher, City",
  year = "1994",
  series = "Sample Series",
  number = "30",
  editor    =   "Richard Roe",
}
@BOOK{hunt:1975,
  author =       "Hugh Hunt",
  title =        "{A Book}",
  publisher =    "ABC Publishing",
  year =         "1975",
  address =      "New York, NY",
}
